

@incollection{Voelter2011,
	Author = {Markus Voelter},
	Booktitle = {Generative and Transformational Techniques in Software Engineering II, International Summer School, GTTSE 2011},
	Citedby = {0},
	Cites = {0},
	Publisher = {Springer},
	Researchr = {http://researchr.org/publication/Voelter2011},
	Series = {LNCS},
	Tags = {composition},
	Title = {Language and IDE Development, Modularization and Composition with MPS},
	Year = {2011}}
}

@misc{mbeddr,
	Author = {},
	Location = {http://mbeddr.com},
	Organization = {The LWES Project},
	Url = {http://mbeddr.com},
	Title = {mbeddr - embedded development using c language extensions, http://mbeddr.com}
}

	